@techreport{one
  title = {Tree-based models for political science data,
  author = {Montgomery, Jacob M. and Olivella, Santiago},
  institution = {Washington University in St. Louis and Princeton University},
  type = {Working Paper},
  series = {American Journal of Political Science
Dataverse},
  year = {2016}
},


@techreport{two,
  title = {Decision Trees for Decision Making},
  author = {Magee, John F.},
 journal = {Harvard Business Review}
  year = {1984}
},


@techreport{three,
  title = {Machine Learning},
  author = {Mitchell, Tom},
  year = {1997}
},


@techreport{four,
  title = {C5.0 Decision Trees and Rule-Based Models},
  author = {Kuhn, Max},
  year = {2017}
},

  @techreport{five,
  title = {Recursive Partitioning and Regression Trees},
  author = {Therneau, Terry and Atkinson, Beth},
  year = {2017}
}
